@article{borthakur2007hadoop,
  title={The hadoop distributed file system: Architecture and design},
  author={Borthakur, Dhruba},
  journal={Hadoop Project Website},
  volume={11},
  number={2007},
  pages={21},
  year={2007}
}