@book{johner1998understanding,
  title={Understanding Ldap},
  author={Johner, Heinz and Brown, Larry and Hinner, Franz-Stefan and Reis, Wolfgang and Westman, Johan},
  volume={6},
  year={1998},
  publisher={IBM}
}


@article{choi2003enhancing,
  title={Enhancing the performance of OpenLDAP directory server with multiple caching},
  author={Choi, Jong Hyuk and Franke, Hubertus and Zeilenga, Kurt},
  journal={Simulation Series},
  volume={35},
  number={4},
  pages={737--744},
  year={2003},
  publisher={Society for Computer Simulation; 1999}
}

@inproceedings{gupta2018attribute,
  title={An attribute-based access control model for secure big data processing in hadoop ecosystem},
  author={Gupta, Maanak and Patwa, Farhan and Sandhu, Ravi},
  booktitle={Proceedings of the Third ACM Workshop on Attribute-Based Access Control},
  pages={13--24},
  year={2018}
}

@article{herodotou2011hadoop,
  title={Hadoop performance models},
  author={Herodotou, Herodotos},
  journal={arXiv preprint arXiv:1106.0940},
  year={2011}
}

@article{guo2016ishuffle,
  title={ishuffle: Improving hadoop performance with shuffle-on-write},
  author={Guo, Yanfei and Rao, Jia and Cheng, Dazhao and Zhou, Xiaobo},
  journal={IEEE transactions on parallel and distributed systems},
  volume={28},
  number={6},
  pages={1649--1662},
  year={2016},
  publisher={IEEE}
}