@article{borthakur2007hadoop,
  title={The hadoop distributed file system: Architecture and design},
  author={Borthakur, Dhruba},
  journal={Hadoop Project Website},
  volume={11},
  number={2007},
  pages={21},
  year={2007}
}

@online{openLdap,
    title        = {The OpenLDAP Project},
    author       = {OpenLDAP: Community developed LDAP software},
    year         = {1998},
    url          = {https://git.openldap.org/openldap/openldap/},
    urldate      = {2024-04-24}
}

@online{ApacheRanger,
    title        = {Apache Ranger},
    author       = {Apache Software Foundation},
    year         = {2014},
    url          = {https://ranger.apache.org/},
    urldate      = {2024-04-24}
}

@article{bellovin1990limitations,
  title={Limitations of the Kerberos authentication system},
  author={Bellovin, Steven M and Merritt, Michael},
  journal={ACM SIGCOMM Computer Communication Review},
  volume={20},
  number={5},
  pages={119--132},
  year={1990},
  publisher={ACM New York, NY, USA}
}